<record><leader>00000cas a2200000 a 4500</leader><controlfield tag="001">9490084</controlfield><controlfield tag="008">830507d18351841nyuwr ne      0    0eng c</controlfield><datafield ind1=" " ind2=" " tag="010"><subfield code="a">sn 83030399 </subfield></datafield><datafield ind1=" " ind2=" " tag="040"><subfield code="a">NPU</subfield><subfield code="b">eng</subfield><subfield code="c">NPU</subfield><subfield code="d">DLC</subfield><subfield code="d">NPX</subfield><subfield code="d">NPA</subfield><subfield code="d">NYS</subfield><subfield code="d">ONP</subfield><subfield code="d">MGN</subfield><subfield code="d">KNP</subfield><subfield code="d">MGN</subfield><subfield code="d">NVF</subfield><subfield code="d">NYS</subfield><subfield code="d">CNK</subfield><subfield code="d">DLC</subfield><subfield code="d">NVF</subfield><subfield code="d">MHN</subfield><subfield code="d">OCL</subfield><subfield code="d">DCN</subfield><subfield code="d">CVF</subfield><subfield code="d">OCL</subfield><subfield code="d">CRL</subfield><subfield code="d">KRTAS</subfield><subfield code="d">CUI</subfield><subfield code="d">OCLCQ</subfield><subfield code="d">OCLCF</subfield><subfield code="d">OCLCO</subfield><subfield code="d">CUS</subfield></datafield><datafield ind1=" " ind2=" " tag="042"><subfield code="a">pcc</subfield></datafield><datafield ind1=" " ind2=" " tag="043"><subfield code="a">n-us-ny</subfield></datafield><datafield ind1=" " ind2="4" tag="050"><subfield code="a">AN</subfield></datafield><datafield ind1="0" ind2=" " tag="130"><subfield code="a">Emancipator (New York, N.Y. : 1835)</subfield></datafield><datafield ind1="1" ind2="4" tag="245"><subfield code="a">The emancipator.</subfield></datafield><datafield ind1=" " ind2=" " tag="260"><subfield code="a">New-York [N.Y.] :</subfield><subfield code="b">R.G. Williams,</subfield><subfield code="c">1835-1841.</subfield></datafield><datafield ind1=" " ind2=" " tag="300"><subfield code="a">v.</subfield></datafield><datafield ind1=" " ind2=" " tag="310"><subfield code="a">Weekly,</subfield><subfield code="b">Apr. 23, 1836-1841</subfield></datafield><datafield ind1=" " ind2=" " tag="321"><subfield code="a">Monthly,</subfield><subfield code="b">Aug. 1835-May 1836</subfield></datafield><datafield ind1="0" ind2=" " tag="362"><subfield code="a">New ser., no. 1 (Aug. 1835)-new ser., no. 10 (Apr. 1836) ; v. 1, no. 1 (Apr. 23, 1836)-v. 6, no. 31 (Dec. 2, 1841).</subfield></datafield><datafield ind1=" " ind2=" " tag="515"><subfield code="a">Issues for May 4, 1837-Dec. 2, 1841 called also whole no. 53-whole no. 291.</subfield></datafield><datafield ind1=" " ind2=" " tag="530"><subfield code="a">Also issued on microfilm from: 3M International, Library of Congress, New York Public Library, and Kraus-Thomson Organization (issues for Aug. 1835-Apr. 23, 1840 filmed with: Voice of freedom (New York, N.Y.), May 1836).</subfield></datafield><datafield ind1=" " ind2="0" tag="650"><subfield code="a">Antislavery movements</subfield><subfield code="z">United States</subfield><subfield code="v">Newspapers.</subfield></datafield><datafield ind1=" " ind2="0" tag="651"><subfield code="a">New York (N.Y.)</subfield><subfield code="v">Newspapers.</subfield></datafield><datafield ind1=" " ind2="7" tag="650"><subfield code="a">Antislavery movements.</subfield><subfield code="2">fast</subfield><subfield code="0">(OCoLC)fst00810800</subfield></datafield><datafield ind1=" " ind2="7" tag="651"><subfield code="a">New York (State)</subfield><subfield code="z">New York.</subfield><subfield code="2">fast</subfield><subfield code="0">(OCoLC)fst01204333</subfield></datafield><datafield ind1=" " ind2="7" tag="651"><subfield code="a">United States.</subfield><subfield code="2">fast</subfield><subfield code="0">(OCoLC)fst01204155</subfield></datafield><datafield ind1=" " ind2="7" tag="655"><subfield code="a">Newspapers.</subfield><subfield code="2">fast</subfield><subfield code="0">(OCoLC)fst01423814</subfield></datafield><datafield ind1=" " ind2=" " tag="752"><subfield code="a">United States</subfield><subfield code="b">New York</subfield><subfield code="c">New York</subfield><subfield code="d">New York.</subfield></datafield><datafield ind1="0" ind2="8" tag="776"><subfield code="i">Online version:</subfield><subfield code="t">Emancipator (New York, N.Y. : 1835 : Online)</subfield><subfield code="w">(OCoLC)612083600</subfield></datafield><datafield ind1="0" ind2="0" tag="780"><subfield code="t">Emancipator, and journal of public morals</subfield><subfield code="w">(DLC)sn 83030398</subfield><subfield code="w">(OCoLC)9489936</subfield></datafield><datafield ind1="0" ind2="1" tag="785"><subfield code="t">Voice of freedom (New York, N.Y.)</subfield><subfield code="g">May 1836</subfield><subfield code="w">(DLC)sn 95066050</subfield><subfield code="w">(OCoLC)31994957</subfield></datafield><datafield ind1="1" ind2="7" tag="785"><subfield code="t">Free American (Boston, Mass.)</subfield><subfield code="w">(DLC)sn 84023347</subfield><subfield code="w">(OCoLC)10832673</subfield></datafield><datafield ind1="1" ind2="7" tag="785"><subfield code="t">Emancipator and free American</subfield><subfield code="w">(DLC)sn 83030400</subfield><subfield code="w">(OCoLC)9502892</subfield></datafield><datafield ind1="4" ind2="1" tag="856"><subfield code="3">08/01/1835 to 12/02/1841</subfield><subfield code="u">http://infoweb.newsbank.com/?db=EANX&amp;s_browseRef=decades/1148B23DA38F0700/all.xml</subfield></datafield><datafield ind1=" " ind2=" " tag="938"><subfield code="a">Kirtas Technologies, Inc.</subfield><subfield code="b">KRTS</subfield><subfield code="n">736642</subfield></datafield><datafield ind1="1" ind2=" " tag="029"><subfield code="a">AU@</subfield><subfield code="b">000020265821</subfield></datafield></record>